<record xmlns="http://www.loc.gov/MARC21/slim" xmlns:xsi="http://www.w3.org/2001/XMLSchema-instance" xsi:schemaLocation="http://www.loc.gov/MARC21/slim http://www.loc.gov/standards/marcxml/schema/MARC21slim.xsd">

  <leader>02210nam a2200241Ia 4500</leader>
  <datafield tag="999" ind1=" " ind2=" ">
    <subfield code="c">2128</subfield>
    <subfield code="d">2128</subfield>
  </datafield>
  <controlfield tag="008">180821b1996    cr ||||| |||| 00| | spa d</controlfield>
  <datafield ind1=" " ind2=" " tag="090">
    <subfield code="a">14.02.02 </subfield>
    <subfield code="b">55</subfield>
  </datafield>
  <datafield tag="100" ind1="1" ind2=" ">
    <subfield code="a">Bonilla Gamboa, Flory Stella</subfield>
    <subfield code="9">1069</subfield>
  </datafield>
  <datafield tag="245" ind2="0" ind1="1">
    <subfield code="a">Sentido de la vida en personas mayores de 50 años /  </subfield>
    <subfield code="c">Flory Stella Bonilla Gamboa, Marisol Rapso Brenes</subfield>
  </datafield>
  <datafield tag="260" ind1=" " ind2=" ">
    <subfield code="a">San José, Costa Rica : </subfield>
    <subfield code="b">IIMEC, </subfield>
    <subfield code="c">1996</subfield>
  </datafield>
  <datafield tag="300" ind1=" " ind2=" ">
    <subfield code="a">54 páginas</subfield>
  </datafield>
  <datafield ind2=" " ind1=" " tag="500">
    <subfield code="a">Informe Final. Proyecto de investigación No 724-94-313</subfield>
  </datafield>
  <datafield tag="520" ind2=" " ind1=" ">
    <subfield code="a">Estudio cuya finalidad es conocer los significados que las personas mayores de 50 años dan a los diferentes eventos de su vida. Con este propósito, se elaboró un marco teórico en el que se conceptualizan varias nociones asociadas con el tema, entre ellas, las diversas etapas adultas, el concepto de satisfacción (el cual se asocia a aspectos como la salud, la situación económica, el nivel de educación, entre otros), el concepto de sentido de vida y la reconstrucción de este sentido de vida. La población objeto de estudio fue el grupo de mayores de 50 a 70 años que participan en el Programa Integral del Envejecimiento de la Universidad de Costa Rica. Para realizar el estudio esta población de dividió en dos subgrupos: -Grupo A compuesto por personas entre los 50 y los 60 años -Grupo B compuesto por personas entre los 51 y los 70 años El acopio de datos se efectuó por medio de la técnica de grupos focales en sesiones de entrevistas (dos para cada grupo). El análisis de la información se realizó confrontando los datos obtenidos en uno y otro grupo. Por una parte, los resultados evidencian que para ambos grupos los aspectos que brindan significado de vida son la familia, la realización personal y el servicio a los demás. Por otra parte, se concluye que las mismas personas que envejecen son quienes deben anticipar su ancianidad, pues solo así se logra comprender esta etapa de la vida. </subfield>
  </datafield>
  <datafield tag="650" ind2="4" ind1="1">
    <subfield code="a">ANCIANOS</subfield>
    <subfield code="9">2660</subfield>
  </datafield>
  <datafield tag="650" ind1="1" ind2="4">
    <subfield code="a">ENVEJECIMIENTO</subfield>
    <subfield code="9">2659</subfield>
  </datafield>
  <datafield tag="650" ind2="4" ind1="1">
    <subfield code="a">CALIDAD DE LA VIDA</subfield>
    <subfield code="9">3974</subfield>
  </datafield>
  <datafield tag="650" ind2="4" ind1="1">
    <subfield code="a">INVESTIGACIÓN</subfield>
    <subfield code="9">163</subfield>
  </datafield>
  <datafield tag="650" ind2="4" ind1="1">
    <subfield code="a">PSICOLOGÍA</subfield>
    <subfield code="9">657</subfield>
  </datafield>
  <datafield ind1="1" ind2="4" tag="650">
    <subfield code="a">DATOS ESTADÍSTICOS</subfield>
    <subfield code="9">452</subfield>
  </datafield>
  <datafield tag="700" ind1=" " ind2=" ">
    <subfield code="a">Rapso Brenes, Marisol</subfield>
    <subfield code="9">3570</subfield>
  </datafield>
  <datafield ind1=" " ind2=" " tag="942">
    <subfield code="2">z</subfield>
    <subfield code="c">04</subfield>
  </datafield>
  <datafield ind2=" " ind1=" " tag="942">
    <subfield code="2">z</subfield>
  </datafield>
</record>